@article{Shutting,
  title   = "The Method For Calculating Forest Fire Behavior Index",
  journal = "Fire Safety Journal - IAFSS",
  volume  = "19",
  pages   = "1-6",
  year    = "1986",
  author  = "Han Shutting, Han Yibin, Jin Jizhong, Zhou Wei",
  Url     = "https://www.iafss.org/publications/aofst/1/77/view/aofst_1-77.pdf"
}

@article{Cortez,
  title   = "Forest Fire Data Set",
  journal = "UCI Machine Learning Repository",
  year    = "2007",
  author  = "Paulo Cortez and Anibal Morais",
  Url     = "https://archive.ics.uci.edu/ml/datasets/forest+fires"
}

@article{bbc,
  title   = "Europe Heatwave: Spain and Portugal Struggle in 40C+ Temperatures",
  journal = "BBC News",
  year    = "2018",
  Url     = "https://www.bbc.com/news/world-europe-45070498"
}


