@Misc{CortezandMorais2007,
  Title             = {Forest Fire Data Set},
  Author            = {Paulo Cortez and Anibal Morais},
  Year              = {2007},
  
  Type              = {Dataset},
  Url               = {https://archive.ics.uci.edu/ml/datasets/forest+fires}
}

@Article{
  Title             = {Europe Heatwave: Spain and Portugal Struggle in 40C+ Temperatures}
  Author            = {BBC News},
  Year              = {2018},
  
  Type              = {Article},
  Url               = {https://www.bbc.com/news/world-europe-45070498}
}

@Article{
  Title             = {The Method For Calculating Forest Fire Behavior Index},
  Author            = {Han Shutting, Han Yibin, Jin Jizhong, and Zhou Wei},
  Year              = {},
  
  Type              = {Article}
  Url               = {https://www.iafss.org/publications/aofst/1/77/view/aofst_1-77.pdf}


}